@misc{adamekAbstractConcreteCategories,
  title = {Abstract and {{Concrete Categories}} - {{The Joy}} of {{Cats}}},
  author = {Adámek, Jirí and Herrlich, Horst and Strecker, George E.},
  editor = {Schubert, Christoph},
  url = {http://katmat.math.uni-bremen.de/acc/},
  langid = {english},
  file = {/Users/abrahamrojasvega/Zotero/storage/PB22UKNL/Schubert - Abstract and Concrete Categories - The Joy of Cats.pdf}
}

@book{brownCohomologyGroups1982,
  title = {Cohomology of {{Groups}}},
  author = {Brown, Kenneth S.},
  date = {1982},
  series = {Graduate {{Texts}} in {{Mathematics}}},
  volume = {87},
  publisher = {Springer},
  location = {New York, NY},
  doi = {10.1007/978-1-4684-9327-6},
  isbn = {978-1-4684-9329-0 978-1-4684-9327-6},
  langid = {english},
  keywords = {Abelian group,Cohomology,Groups,Gruppe (Math.),Kohomologie},
  file = {/Users/abrahamrojasvega/Zotero/storage/DHABUM9I/Brown - 1982 - Cohomology of Groups.pdf}
}

@book{goerssSimplicialHomotopyTheory2009,
  title = {Simplicial {{Homotopy Theory}}},
  author = {Goerss, Paul G. and Jardine, John F.},
  date = {2009},
  publisher = {Birkhäuser Basel},
  location = {Basel},
  doi = {10.1007/978-3-0346-0189-4},
  isbn = {978-3-0346-0188-7 978-3-0346-0189-4},
  langid = {english},
  file = {/Users/abrahamrojasvega/Zotero/storage/WDRQYMWS/Goerss y Jardine - 2009 - Simplicial Homotopy Theory.pdf}
}

@misc{hatcherAlgebraicTopology2021,
  title = {Algebraic {{Topology}}},
  author = {Hatcher, Allen},
  date = {2021},
  url = {https://pi.math.cornell.edu/~hatcher/AT/AT.pdf},
  langid = {english},
  file = {/Users/abrahamrojasvega/Zotero/storage/W9KE4PQ6/Hatcher.pdf}
}

@misc{kupersHomologicalStabilityMinicourse2021,
  title = {Homological {{Stability Minicourse}}},
  author = {Kupers, Alexander},
  date = {2021-05-13},
  url = {https://www.utsc.utoronto.ca/people/kupers/wp-content/uploads/sites/50/homstab.pdf},
  urldate = {2024-06-14},
  abstract = {These are the collected lecture notes for eCHT minicourse on homological stability in spring 2021.},
  file = {/Users/abrahamrojasvega/Zotero/storage/Z8SYHVQH/homstab.pdf}
}

@book{maySimplicialObjectsAlgebraic1967a,
  title = {Simplicial Objects in Algebraic Topology},
  author = {May, Jon Peter},
  date = {1967},
  series = {Midway Reprint},
  publisher = {Univ. of Chicago Press},
  location = {Chicago},
  isbn = {978-0-226-51180-1},
  pagetotal = {161},
  file = {/Users/abrahamrojasvega/Zotero/storage/9AMW2G9Y/May - 1967 - Simplicial objects in algebraic topology.pdf}
}

@incollection{suslinStabilityAlgebraicKtheory1982,
  title = {Stability in Algebraic {{K-theory}}},
  booktitle = {Algebraic {{K-Theory}}},
  author = {Suslin, A. A.},
  editor = {Dennis, R. Keith},
  date = {1982},
  volume = {966},
  pages = {304--333},
  publisher = {Springer Berlin Heidelberg},
  location = {Berlin, Heidelberg},
  doi = {10.1007/BFb0062181},
  isbn = {978-3-540-11965-4 978-3-540-39553-9},
  langid = {english},
  file = {/Users/abrahamrojasvega/Zotero/storage/ACEER5D3/Suslin - 1982 - Stability in algebraic K-theory.pdf}
}
